

@book{SzeliskiComputerVisionAlgorithms2011,
  title = {Computer {{Vision}}: {{Algorithms}} and {{Applications}}},
  author = {Szeliski, Richard},
  year = {2011},
  publisher = {{Springer}},
  isbn = {978-1-84882-935-0},
  series = {Texts in {{Computer Science}}}
}

